<?xml version="1.0" encoding="UTF-8"?><collection xmlns="http://www.loc.gov/MARC21/slim"><record><leader>00459nam--2200169-i-4500</leader><controlfield tag="001">000031749</controlfield><controlfield tag="002">20161230</controlfield><controlfield tag="005">20170128194754</controlfield><controlfield tag="008">060222s1000------------r-----000-0-eng-d</controlfield><datafield ind1=" " ind2=" " tag="080"><subfield code="a">51:517.944</subfield></datafield><datafield ind1=" " ind2=" " tag="100"><subfield code="a">Lions, J. L</subfield></datafield><datafield ind1=" " ind2=" " tag="245"><subfield code="a">Controle optimal de systemes gouvernes par des equations aux derivees partielles</subfield></datafield><datafield ind1=" " ind2=" " tag="260"><subfield code="a">Paris</subfield><subfield code="b">Dunod</subfield><subfield code="c">1968</subfield></datafield><datafield ind1=" " ind2=" " tag="300"><subfield code="a">XII+426 p</subfield></datafield><datafield ind1=" " ind2=" " tag="490"><subfield code="a">Etudes Mathematiques</subfield></datafield><datafield ind1=" " ind2=" " tag="852"><subfield code="a">30061</subfield></datafield><datafield ind1=" " ind2=" " tag="CAT"><subfield code="a">SYS</subfield><subfield code="c">20170128</subfield><subfield code="h">194754</subfield></datafield></record></collection>